@article{watts2002simple,
  title={A simple model of global cascades on random networks},
  author={Watts, Duncan J},
  journal={Proceedings of the National Academy of Sciences},
  volume={99},
  number={9},
  pages={5766--5771},
  year={2002},
  publisher={National Acad Sciences}
}

@article{newman2003structure,
  title={The structure and function of complex networks},
  author={Newman, Mark EJ},
  journal={SIAM review},
  volume={45},
  number={2},
  pages={167--256},
  year={2003},
  publisher={SIAM}
}
