@article{simplemodel,
  title={A simple model of global cascades on random networks},
  author={Watts, Duncan},
  year={2011}
}
